@Book{si-brochure,
  title =        {Le Syst\`eme international d'unit\'es / The
                  International System of Units (`The {SI} Brochure')},
  publisher =    {Bureau international des poids et mesures},
  author =       {{BIPM}},
  howpublished = {Online},
  url =          {http://www.bipm.org/en/si/si_brochure/},
  edition =      {Ninth},
  isbn =         {978-92-822-2272-0},
  year =         2019
}


@book{poisson_will_2014, place={Cambridge}, title={Gravity: Newtonian, Post-Newtonian, Relativistic}, DOI={10.1017/CBO9781139507486}, publisher={Cambridge University Press}, author={Poisson, Eric and Will, Clifford M.}, year={2014}}

@article{Hinderer:2007mb,
    author = "Hinderer, Tanja",
    title = "{Tidal Love numbers of neutron stars}",
    eprint = "0711.2420",
    archivePrefix = "arXiv",
    primaryClass = "astro-ph",
    doi = "10.1086/533487",
    journal = "Astrophys. J.",
    volume = "677",
    pages = "1216--1220",
    year = "2008"
}

@article{PhysRevD.96.121501,
  title = {Closed-form tidal approximants for binary neutron star gravitational waveforms constructed from high-resolution numerical relativity simulations},
  author = {Dietrich, Tim and Bernuzzi, Sebastiano and Tichy, Wolfgang},
  journal = {Phys. Rev. D},
  volume = {96},
  issue = {12},
  pages = {121501},
  numpages = {5},
  year = {2017},
  month = {Dec},
  publisher = {American Physical Society},
  doi = {10.1103/PhysRevD.96.121501},
  url = {https://link.aps.org/doi/10.1103/PhysRevD.96.121501}
}

@article{Dietrich:2018uni,
    author = "Dietrich, Tim and others",
    title = "{Matter imprints in waveform models for neutron star binaries: Tidal and self-spin effects}",
    eprint = "1804.02235",
    archivePrefix = "arXiv",
    primaryClass = "gr-qc",
    doi = "10.1103/PhysRevD.99.024029",
    journal = "Phys. Rev. D",
    volume = "99",
    number = "2",
    pages = "024029",
    year = "2019"
}


@ARTICLE{5055024,

  author={Nyquist, H.},

  journal={Transactions of the American Institute of Electrical Engineers}, 

  title={Certain Topics in Telegraph Transmission Theory}, 

  year={1928},

  volume={47},

  number={2},

  pages={617-644},

  doi={10.1109/T-AIEE.1928.5055024}}
  
  
@article{LIGOScientific:2016aoc,
    author = "Abbott, B. P. and others",
    collaboration = "LIGO Scientific, Virgo",
    title = "{Observation of Gravitational Waves from a Binary Black Hole Merger}",
    eprint = "1602.03837",
    archivePrefix = "arXiv",
    primaryClass = "gr-qc",
    reportNumber = "LIGO-P150914",
    doi = "10.1103/PhysRevLett.116.061102",
    journal = "Phys. Rev. Lett.",
    volume = "116",
    number = "6",
    pages = "061102",
    year = "2016"
}



@article{Holberg_1998,
doi = {10.1086/305489},
url = {https://dx.doi.org/10.1086/305489},
year = {1998},
month = {apr},
publisher = {},
volume = {497},
number = {2},
pages = {935},
author = {J. B. Holberg and M. A. Barstow and F. C. Bruhweiler and A. M. Cruise and A. J. Penny},
title = {Sirius B: A New, More Accurate View*},
journal = {The Astrophysical Journal},

}

@article{doi:10.1098/rspa.1909.0008,
author = {Love, Augustus Edward Hough },
title = {The yielding of the earth to disturbing forces},
journal = {Proceedings of the Royal Society of London. Series A, Containing Papers of a Mathematical and Physical Character},
volume = {82},
number = {551},
pages = {73-88},
year = {1909},
doi = {10.1098/rspa.1909.0008},

URL = {https://royalsocietypublishing.org/doi/abs/10.1098/rspa.1909.0008},
eprint = {https://royalsocietypublishing.org/doi/pdf/10.1098/rspa.1909.0008}
}

@article{Banik_2014,
doi = {10.1088/0067-0049/214/2/22},
url = {https://dx.doi.org/10.1088/0067-0049/214/2/22},
year = {2014},
month = {sep},
publisher = {The American Astronomical Society},
volume = {214},
number = {2},
pages = {22},
author = {Sarmistha Banik and Matthias Hempel and Debades Bandyopadhyay},
title = {NEW HYPERON EQUATIONS OF STATE FOR SUPERNOVAE AND NEUTRON STARS IN DENSITY-DEPENDENT HADRON FIELD THEORY},
journal = {The Astrophysical Journal Supplement Series},

}

@article{PhysRevC.81.015803,
  title = {Composition and thermodynamics of nuclear matter with light clusters},
  author = {Typel, S. and R\"opke, G. and Kl\"ahn, T. and Blaschke, D. and Wolter, H. H.},
  journal = {Phys. Rev. C},
  volume = {81},
  issue = {1},
  pages = {015803},
  numpages = {22},
  year = {2010},
  month = {Jan},
  publisher = {American Physical Society},
  doi = {10.1103/PhysRevC.81.015803},
  url = {https://link.aps.org/doi/10.1103/PhysRevC.81.015803}
}

@article{Steiner:2012rk,
    author = "Steiner, Andrew W. and Hempel, Matthias and Fischer, Tobias",
    title = "{Core-collapse supernova equations of state based on neutron star observations}",
    eprint = "1207.2184",
    archivePrefix = "arXiv",
    primaryClass = "astro-ph.SR",
    reportNumber = "INT-PUB-12-033",
    doi = "10.1088/0004-637X/774/1/17",
    journal = "Astrophys. J.",
    volume = "774",
    pages = "17",
    year = "2013"
}


@article{Radice_2017,
	doi = {10.3847/2041-8213/aa6483},
  
	url = {https://doi.org/10.3847%2F2041-8213%2Faa6483},
  
	year = 2017,
	month = {mar},
  
	publisher = {American Astronomical Society},
  
	volume = {838},
  
	number = {1},
  
	pages = {L2},
  
	author = {David Radice},
  
	title = {General-relativistic Large-eddy Simulations of Binary Neutron Star Mergers},
  
	journal = {The Astrophysical Journal}
}


@article{Drago:2020kic,
    author = "Drago, M. and others",
    title = "{Coherent WaveBurst, a pipeline for unmodeled gravitational-wave data analysis}",
    eprint = "2006.12604",
    archivePrefix = "arXiv",
    primaryClass = "gr-qc",
    month = "6",
    year = "2020"
}

@article{Stirling:2017ybn,
    author = "Stirling, Julian",
    title = "{Multipole calculation of gravitational forces}",
    doi = "10.1103/PhysRevD.95.124059",
    journal = "Phys. Rev. D",
    volume = "95",
    number = "12",
    pages = "124059",
    year = "2017"
}

@book{Muller,
url = {https://doi.org/10.1515/9783110250008},
title = {Geodesy},
author = {Wolfgang Torge and Jürgen Müller},
publisher = {De Gruyter},
address = {Berlin, Boston},
doi = {doi:10.1515/9783110250008},
isbn = {9783110250008},
year = {2012},
lastchecked = {2022-12-28}
}

@book{kaula1966theory,
  title={Theory of Satellite Geodesy: Applications of Satellites to Geodesy},
  author={Kaula, W.M.},
  lccn={65014571},
  series={Special series of brief books covering selected topics in the Pure and applied sciences},
  url={https://books.google.de/books?id=chNTnQEACAAJ},
  year={1966},
  publisher={Blaisdell Publishing Company}
}

@article{Nagle_2011,
doi = {10.1088/1367-2630/13/7/075004},
url = {https://dx.doi.org/10.1088/1367-2630/13/7/075004},
year = {2011},
month = {jul},
publisher = {},
volume = {13},
number = {7},
pages = {075004},
author = {James L Nagle and Ian G Bearden and William A Zajc},
title = {Quark–gluon plasma at the RHIC and the LHC: perfect fluid too perfect?},
journal = {New Journal of Physics},
abstract = {}
}

@article{PhysRevD.13.2713,
  title = {Perturbations of charged black holes},
  author = {Chitre, D. M.},
  journal = {Phys. Rev. D},
  volume = {13},
  issue = {10},
  pages = {2713--2719},
  numpages = {0},
  year = {1976},
  month = {May},
  publisher = {American Physical Society},
  doi = {10.1103/PhysRevD.13.2713},
  url = {https://link.aps.org/doi/10.1103/PhysRevD.13.2713}
}




@article{Anderson_2015,
doi = {10.1209/0295-5075/110/10002},
url = {https://dx.doi.org/10.1209/0295-5075/110/10002},
year = {2015},
month = {apr},
publisher = {EDP Sciences, IOP Publishing and Società Italiana di Fisica},
volume = {110},
number = {1},
pages = {10002},
author = {J. D. Anderson and G. Schubert and V. Trimble and M. R. Feldman},
title = {Measurements of Newton's gravitational constant and the length of day},
journal = {Europhysics Letters},
}




@article{1859AnPar...5....1L,
       author = {{Le Verrier}, Urbain J.},
        title = "{Theorie du mouvement de Mercure}",
      journal = {Annales de l'Observatoire de Paris},
     keywords = {PLANETARY THEORY, MERCURY (PLANET): TRANSIT OF, PERTURBATION (ASTRONOMY), MERCURY (PLANET)},
         year = 1859,
        month = jan,
       volume = {5},
        pages = {1},
       adsurl = {https://ui.adsabs.harvard.edu/abs/1859AnPar...5....1L},
       author = {{Le Verrier}, Urbain J.},
        title = "{Theorie du mouvement de Mercure}",
      journal = {Annales de l'Observatoire de Paris},
     keywords = {PLANETARY THEORY, MERCURY (PLANET): TRANSIT OF, PERTURBATION (ASTRONOMY), MERCURY (PLANET)},
         year = 1859,
        month = jan,
       volume = {5},
        pages = {1},
       adsurl = {https://ui.adsabs.harvard.edu/abs/1859AnPar...5....1L},
      adsnote = {Provided by the SAO/NASA Astrophysics Data System}
}ote = {Provided by the SAO/NASA Astrophysics Data System}
}

@article{1920RSPTA.220..291D,
       author = {{Dyson}, F.~W. and {Eddington}, A.~S. and {Davidson}, C.},
        title = "{A Determination of the Deflection of Light by the Sun's Gravitational Field, from Observations Made at the Total Eclipse of May 29, 1919}",
      journal = {Philosophical Transactions of the Royal Society of London Series A},
         year = 1920,
        month = jan,
       volume = {220},
        pages = {291-333},
          doi = {10.1098/rsta.1920.0009},
       adsurl = {https://ui.adsabs.harvard.edu/abs/1920RSPTA.220..291D},
      adsnote = {Provided by the SAO/NASA Astrophysics Data System}
}

@article{2010JHA....41...41H,
       author = {{Holberg}, J.~B.},
        title = "{Sirius B and the Measurement of the Gravitational Redshift}",
      journal = {Journal for the History of Astronomy},
         year = 2010,
        month = jan,
       volume = {41},
       number = {1},
        pages = {41-64},
          doi = {10.1177/002182861004100102},
       adsurl = {https://ui.adsabs.harvard.edu/abs/2010JHA....41...41H},
      adsnote = {Provided by the SAO/NASA Astrophysics Data System}
}



@article{Einstein:1916cc,
    author = "Einstein, Albert",
    title = "{Approximative Integration of the Field Equations of Gravitation}",
    journal = "Sitzungsber. Preuss. Akad. Wiss. Berlin (Math. Phys. )",
    volume = "1916",
    pages = "688--696",
    year = "1916"
}

@book{mach1919science,
  title={The Science of Mechanics: A Critical and Historical Account of Its Development},
  author={Mach, E. and McCormack, T.J.},
  url={https://books.google.it/books?id=HSQ6AAAAMAAJ},
  year={1919},
  publisher={Open court publishing Company}
}

@PROCEEDINGS{1995mpfn.conf.....B,
        title = "{Mach's Principle: From Newton's Bucket to Quantum Gravity.}",
    booktitle = {Mach's Principle: From Newton's Bucket to Quantum Gravity},
         year = 1995,
        month = jan,
       url = {https://ui.adsabs.harvard.edu/abs/1995mpfn.conf.....B},
      adsnote = {Provided by the SAO/NASA Astrophysics Data System}
}





@article{Weisberg:1981mt,
    author = "Weisberg, J. M. and Taylor, J. H. and Fowler, L. A.",
    title = "{GRAVITATIONAL WAVES FROM AN ORBITING PULSAR}",
    doi = "10.1038/scientificamerican1081-74",
    journal = "Sci. Am.",
    volume = "245",
    pages = "66--74",
    year = "1981"
}



@article{LIGOScientific:2017vwq,
    author = "Abbott, B. P. and others",
    collaboration = "LIGO Scientific, Virgo",
    title = "{GW170817: Observation of Gravitational Waves from a Binary Neutron Star Inspiral}",
    eprint = "1710.05832",
    archivePrefix = "arXiv",
    primaryClass = "gr-qc",
    reportNumber = "LIGO-P170817",
    doi = "10.1103/PhysRevLett.119.161101",
    journal = "Phys. Rev. Lett.",
    volume = "119",
    number = "16",
    pages = "161101",
    year = "2017"
}

@article{Abbott_2017,
	doi = {10.3847/2041-8213/aa920c},
	url = {https://doi.org/10.3847/2041-8213/aa920c},
	year = 2017,
	month = {oct},
	publisher = {American Astronomical Society},
	volume = {848},
	number = {2},
	pages = {L13},
	author = {B. P. Abbott, et.al},
	title = {Gravitational Waves and Gamma-Rays from a Binary Neutron Star Merger: {GW}170817 and {GRB} 170817A},
	journal = {The Astrophysical Journal},
	
}

@article{10.1093/mnras/stz1564,
    author = {Kathirgamaraju, Adithan and Giannios, Dimitrios and Beniamini, Paz},
    title = "{Observable features of GW170817 kilonova afterglow}",
    journal = {Monthly Notices of the Royal Astronomical Society},
    volume = {487},
    number = {3},
    pages = {3914-3921},
    year = {2019},
    month = {06},
}

@article{LIGOScientific:2017ync,
    author = "Abbott, B. P. and others",
    collaboration = "LIGO Scientific, Virgo, Fermi GBM, INTEGRAL, IceCube, AstroSat Cadmium Zinc Telluride Imager Team, IPN, Insight-Hxmt, ANTARES, Swift, AGILE Team, 1M2H Team, Dark Energy Camera GW-EM, DES, DLT40, GRAWITA, Fermi-LAT, ATCA, ASKAP, Las Cumbres Observatory Group, OzGrav, DWF (Deeper Wider Faster Program), AST3, CAASTRO, VINROUGE, MASTER, J-GEM, GROWTH, JAGWAR, CaltechNRAO, TTU-NRAO, NuSTAR, Pan-STARRS, MAXI Team, TZAC Consortium, KU, Nordic Optical Telescope, ePESSTO, GROND, Texas Tech University, SALT Group, TOROS, BOOTES, MWA, CALET, IKI-GW Follow-up, H.E.S.S., LOFAR, LWA, HAWC, Pierre Auger, ALMA, Euro VLBI Team, Pi of Sky, Chandra Team at McGill University, DFN, ATLAS Telescopes, High Time Resolution Universe Survey, RIMAS, RATIR, SKA South Africa/MeerKAT",
    title = "{Multi-messenger Observations of a Binary Neutron Star Merger}",
    eprint = "1710.05833",
    archivePrefix = "arXiv",
    primaryClass = "astro-ph.HE",
    reportNumber = "LIGO-P1700294, VIR-0802A-17, FERMILAB-PUB-17-478-A-AE-CD",
    doi = "10.3847/2041-8213/aa91c9",
    journal = "Astrophys. J. Lett.",
    volume = "848",
    number = "2",
    pages = "L12",
    year = "2017"
}



@article{LIGOScientific:2021djp,
    author = "Abbott, R. and others",
    collaboration = "LIGO Scientific, VIRGO, KAGRA",
    title = "{GWTC-3: Compact Binary Coalescences Observed by LIGO and Virgo During the Second Part of the Third Observing Run}",
    eprint = "2111.03606",
    archivePrefix = "arXiv",
    primaryClass = "gr-qc",
    reportNumber = "LIGO-P2000318",
    month = "11",
    year = "2021"
}

@article{Dhurkunde:2021csz,
    author = "Dhurkunde, Rahul and Fehrmann, Henning and Nitz, Alexander H.",
    title = "{Hierarchical approach to matched filtering using a reduced basis}",
    eprint = "2110.13115",
    archivePrefix = "arXiv",
    primaryClass = "astro-ph.IM",
    doi = "10.1103/PhysRevD.105.103001",
    journal = "Phys. Rev. D",
    volume = "105",
    number = "10",
    pages = "103001",
    year = "2022"
}

@article{Christensen:2022bxb,
    author = "Christensen, Nelson and Meyer, Renate",
    title = "{Parameter estimation with gravitational waves}",
    eprint = "2204.04449",
    archivePrefix = "arXiv",
    primaryClass = "gr-qc",
    doi = "10.1103/RevModPhys.94.025001",
    journal = "Rev. Mod. Phys.",
    volume = "94",
    number = "2",
    pages = "025001",
    year = "2022"
}



@article{Nitz:2021zwj,
    author = {Nitz, Alexander H. and Kumar, Sumit and Wang, Yi-Fan and Kastha, Shilpa and Wu, Shichao and Sch\"afer, Marlin and Dhurkunde, Rahul and Capano, Collin D.},
    title = "{4-OGC: Catalog of gravitational waves from compact-binary mergers}",
    eprint = "2112.06878",
    archivePrefix = "arXiv",
    primaryClass = "astro-ph.HE",
    month = "12",
    year = "2021"
}

@article{LIGOScientific:2021qlt,
    author = "Abbott, R. and others",
    collaboration = "LIGO Scientific, KAGRA, VIRGO",
    title = "{Observation of Gravitational Waves from Two Neutron Star\textendash{}Black Hole Coalescences}",
    eprint = "2106.15163",
    archivePrefix = "arXiv",
    primaryClass = "astro-ph.HE",
    reportNumber = "LIGO Document P2000357",
    doi = "10.3847/2041-8213/ac082e",
    journal = "Astrophys. J. Lett.",
    volume = "915",
    number = "1",
    pages = "L5",
    year = "2021"
}


@article{LIGOScientific:2020aai,
    author = "Abbott, B. P. and others",
    collaboration = "LIGO Scientific, Virgo",
    title = "{GW190425: Observation of a Compact Binary Coalescence with Total Mass $\sim 3.4 M_{\odot}$}",
    eprint = "2001.01761",
    archivePrefix = "arXiv",
    primaryClass = "astro-ph.HE",
    reportNumber = "LIGO-P190425",
    doi = "10.3847/2041-8213/ab75f5",
    journal = "Astrophys. J. Lett.",
    volume = "892",
    number = "1",
    pages = "L3",
    year = "2020"
}


@article{KAGRA:2013rdx,
    author = "Abbott, B. P. and others",
    collaboration = "KAGRA, LIGO Scientific, Virgo, VIRGO",
    title = "{Prospects for observing and localizing gravitational-wave transients with Advanced LIGO, Advanced Virgo and KAGRA}",
    eprint = "1304.0670",
    archivePrefix = "arXiv",
    primaryClass = "gr-qc",
    reportNumber = "LIGO-P1200087, VIR-0288A-12, JGW-P1808427",
    doi = "10.1007/s41114-020-00026-9",
    journal = "Living Rev. Rel.",
    volume = "21",
    number = "1",
    pages = "3",
    year = "2018"
}


@article{Maggiore_2020,
	doi = {10.1088/1475-7516/2020/03/050},
  
	url = {https://doi.org/10.1088%2F1475-7516%2F2020%2F03%2F050},
  
	year = 2020,
	month = {mar},
  
	publisher = {{IOP} Publishing},
  
	volume = {2020},
  
	number = {03},
  
	pages = {050--050},
  
	author = {Michele Maggiore and Chris Van Den Broeck and Nicola Bartolo and Enis Belgacem and Daniele Bertacca and Marie Anne Bizouard and Marica Branchesi and Sebastien Clesse and Stefano Foffa and Juan Garc{\'{\i}
}a-Bellido and Stefan Grimm and Jan Harms and Tanja Hinderer and Sabino Matarrese and Cristiano Palomba and Marco Peloso and Angelo Ricciardone and Mairi Sakellariadou},
  
	title = {Science case for the Einstein telescope},
  
	journal = {Journal of Cosmology and Astroparticle Physics}
}

@misc{https://doi.org/10.48550/arxiv.2109.09882,
  doi = {10.48550/ARXIV.2109.09882},
  
  url = {https://arxiv.org/abs/2109.09882},
  
  author = {Evans, Matthew and Adhikari, Rana X and Afle, Chaitanya and Ballmer, Stefan W. and Biscoveanu, Sylvia and Borhanian, Ssohrab and Brown, Duncan A. and Chen, Yanbei and Eisenstein, Robert and Gruson, Alexandra and Gupta, Anuradha and Hall, Evan D. and Huxford, Rachael and Kamai, Brittany and Kashyap, Rahul and Kissel, Jeff S. and Kuns, Kevin and Landry, Philippe and Lenon, Amber and Lovelace, Geoffrey and McCuller, Lee and Ng, Ken K. Y. and Nitz, Alexander H. and Read, Jocelyn and Sathyaprakash, B. S. and Shoemaker, David H. and Slagmolen, Bram J. J. and Smith, Joshua R. and Srivastava, Varun and Sun, Ling and Vitale, Salvatore and Weiss, Rainer},
  
  keywords = {Instrumentation and Methods for Astrophysics (astro-ph.IM), High Energy Astrophysical Phenomena (astro-ph.HE), General Relativity and Quantum Cosmology (gr-qc), FOS: Physical sciences, FOS: Physical sciences},
  
  title = {A Horizon Study for Cosmic Explorer: Science, Observatories, and Community},
  
  publisher = {arXiv},
  
  year = {2021},
  
  copyright = {arXiv.org perpetual, non-exclusive license}
}


@article{LIGOScientific:2018cki,
    author = "Abbott, B. P. and others",
    collaboration = "LIGO Scientific, Virgo",
    title = "{GW170817: Measurements of neutron star radii and equation of state}",
    eprint = "1805.11581",
    archivePrefix = "arXiv",
    primaryClass = "gr-qc",
    reportNumber = "LIGO-P1800115",
    doi = "10.1103/PhysRevLett.121.161101",
    journal = "Phys. Rev. Lett.",
    volume = "121",
    number = "16",
    pages = "161101",
    year = "2018"
}

@article{LIGOScientific:2018hze,
    author = "Abbott, B. P. and others",
    collaboration = "LIGO Scientific, Virgo",
    title = "{Properties of the binary neutron star merger GW170817}",
    eprint = "1805.11579",
    archivePrefix = "arXiv",
    primaryClass = "gr-qc",
    doi = "10.1103/PhysRevX.9.011001",
    journal = "Phys. Rev. X",
    volume = "9",
    number = "1",
    pages = "011001",
    year = "2019"
}


@article{LIGOScientific:2018urg,
    author = "Abbott, B. P. and others",
    collaboration = "LIGO Scientific, Virgo",
    title = "{Search for gravitational waves from a long-lived remnant of the binary neutron star merger GW170817}",
    eprint = "1810.02581",
    archivePrefix = "arXiv",
    primaryClass = "gr-qc",
    reportNumber = "LIGO-P1800195",
    doi = "10.3847/1538-4357/ab0f3d",
    journal = "Astrophys. J.",
    volume = "875",
    number = "2",
    pages = "160",
    year = "2019"
}

@article{LIGOScientific:2017fdd,
    author = "Abbott, B. P. and others",
    collaboration = "LIGO Scientific, Virgo",
    title = "{Search for Post-merger Gravitational Waves from the Remnant of the Binary Neutron Star Merger GW170817}",
    eprint = "1710.09320",
    archivePrefix = "arXiv",
    primaryClass = "astro-ph.HE",
    reportNumber = "LIGO-P1700318",
    doi = "10.3847/2041-8213/aa9a35",
    journal = "Astrophys. J. Lett.",
    volume = "851",
    number = "1",
    pages = "L16",
    year = "2017"
}









@article{GOCE,
author = {Haagmans, R. and Muzi, D. and Popescu, A. and Floberghagen, Rune and Kern, Michael and Fehringer, Michael},
year = {2007},
month = {01},
pages = {},
title = {The GOCE gravity mission: ESA's first core explorer},
journal = {Proceedings of 3rd International GOCE User Workshop}
}

@article{GRACE,
author = {Kornfeld, Richard P. and Arnold, Bradford W. and Gross, Michael A. and Dahya, Neil T. and Klipstein, William M. and Gath, Peter F. and Bettadpur, Srinivas},
title = {GRACE-FO: The Gravity Recovery and Climate Experiment Follow-On Mission},
journal = {Journal of Spacecraft and Rockets},
volume = {56},
number = {3},
pages = {931-951},
year = {2019},
doi = {10.2514/1.A34326},

URL = { 
        https://doi.org/10.2514/1.A34326
    
},
eprint = { 
        https://doi.org/10.2514/1.A34326
    
}
,
    
}

@book{Shapiro:1983du,
    author = "Shapiro, S. L. and Teukolsky, S. A.",
    title = "{Black holes, white dwarfs, and neutron stars: The physics of compact objects}",
    isbn = "978-0-471-87316-7",
    year = "1983"
}

@article{Muller:2005sr,
    author = "Muller, Jurgen and Williams, James G. and Turyshev, Slava G.",
    editor = {Dittus, Hansj\"org and Lammerzahl, Claus and Turyshev, Slava G.},
    title = "{Lunar laser ranging contributions to relativity and geodesy}",
    eprint = "gr-qc/0509114",
    archivePrefix = "arXiv",
    doi = "10.1007/978-3-540-34377-6_21",
    journal = "Astrophys. Space Sci. Libr.",
    volume = "349",
    pages = "457--472",
    year = "2008"
}


@book{Wald:1984rg,
    author = "Wald, Robert M.",
    title = "{General Relativity}",
    doi = "10.7208/chicago/9780226870373.001.0001",
    publisher = "Chicago Univ. Pr.",
    address = "Chicago, USA",
    year = "1984"
}

@book{Misner:1973prb,
    author = "Misner, Charles W. and Thorne, K. S. and Wheeler, J. A.",
    title = "{Gravitation}",
    isbn = "978-0-7167-0344-0, 978-0-691-17779-3",
    publisher = "W. H. Freeman",
    address = "San Francisco",
    year = "1973"
}

@book{Weinberg:1972kfs,
    author = "Weinberg, Steven",
    title = "{Gravitation and Cosmology}: {Principles and Applications of the General Theory of Relativity}",
    isbn = "978-0-471-92567-5, 978-0-471-92567-5",
    publisher = "John Wiley and Sons",
    address = "New York",
    year = "1972"
}


@book{Jackson:1998nia,
    author = "Jackson, John David",
    title = "{Classical Electrodynamics}",
    isbn = "978-0-471-30932-1",
    publisher = "Wiley",
    year = "1998"
}

@article{PhysRev.55.374,
  title = {On Massive Neutron Cores},
  author = {Oppenheimer, J. R. and Volkoff, G. M.},
  journal = {Phys. Rev.},
  volume = {55},
  issue = {4},
  pages = {374--381},
  numpages = {0},
  year = {1939},
  month = {Feb},
  publisher = {American Physical Society},
  doi = {10.1103/PhysRev.55.374},
  url = {https://link.aps.org/doi/10.1103/PhysRev.55.374}
}

@article{https://doi.org/10.1002/andp.19163550905,
author = {Reissner, H.},
title = {Über die Eigengravitation des elektrischen Feldes nach der Einsteinschen Theorie},
journal = {Annalen der Physik},
volume = {355},
number = {9},
pages = {106-120},
doi = {https://doi.org/10.1002/andp.19163550905},
url = {https://onlinelibrary.wiley.com/doi/abs/10.1002/andp.19163550905},
eprint = {https://onlinelibrary.wiley.com/doi/pdf/10.1002/andp.19163550905},
year = {1916}
}



@article{Pijpers:1998eb,
    author = "Pijpers, F. P.",
    title = "{Helioseismic determination of the solar gravitational quadrupole moment}",
    eprint = "astro-ph/9804258",
    archivePrefix = "arXiv",
    reportNumber = "TAC-1998-011",
    doi = "10.1046/j.1365-8711.1998.01801.x",
    journal = "Mon. Not. Roy. Astron. Soc.",
    volume = "297",
    pages = "76",
    year = "1998"
}


@book{Creighton:2011zz,
    author = "Creighton, Jolien D. E. and Anderson, Warren G.",
    title = "{Gravitational-wave physics and astronomy: An introduction to theory, experiment and data analysis}",
    year = "2011"
}



@book{Hartle:2021pel,
    author = "Hartle, James B.",
    title = "{Gravity}",
    doi = "10.1017/9781009042604",
    isbn = "978-1-00-904260-4",
    publisher = "Cambridge University Press",
    month = "9",
    year = "2021"
}

@book{Schutz:1985jx,
    author = "Schutz, Bernard F.",
    title = "{A FIRST COURSE IN GENERAL RELATIVITY}",
    publisher = "Cambridge Univ. Pr.",
    address = "Cambridge, UK",
    year = "1985"
}


@article{Chandrasekhar:1931ih,
    author = "Chandrasekhar, Subrahmanyan",
    title = "{The maximum mass of ideal white dwarfs}",
    doi = "10.1086/143324",
    journal = "Astrophys. J.",
    volume = "74",
    pages = "81--82",
    year = "1931"
}


@book{camenzind,
    author = "Max Camenzind",
    title = "{Compact Objects in Astrophysics}",
    isbn = "978-3-540-25770-7",
    publisher = "Springer-Verlag Berlin Heidelberg 2007",
    address = "Springer Berlin, Heidelberg",
    series = "Astronomy and Astrophysics Library",
    year = "2007"
}

@book{chandrasekhar1957,
  title={An Introduction to the Study of Stellar Structure},
  author={Chandrasekhar, S. and Chandrasekhar, S.},
  isbn={9780486604138},
  lccn={58000162},
  series={Astrophysical monographs},
  url={https://books.google.de/books?id=VwPLAgAAQBAJ},
  year={1957},
  publisher={Dover Publications}
}



@article{Nussupbekov:2020rjg,
    author = "Nussupbekov, Ayan and Malafarina, Daniele",
    title = "{Note on the mass\textendash{}radius relations for spherical compact objects in general relativity with semi-classical corrections}",
    doi = "10.1140/epjc/s10052-020-7780-6",
    journal = "Eur. Phys. J. C",
    volume = "80",
    number = "3",
    pages = "236",
    year = "2020"
}


@article{Einstein:1905,
author = {Einstein, A.},
title = {Zur Elektrodynamik bewegter Körper},
journal = {Annalen der Physik},
volume = {322},
number = {10},
pages = {891-921},
doi = {https://doi.org/10.1002/andp.19053221004},
url = {https://onlinelibrary.wiley.com/doi/abs/10.1002/andp.19053221004},
eprint = {https://onlinelibrary.wiley.com/doi/pdf/10.1002/andp.19053221004},
year = {1905}
}

@article{Einstein:1915ca,
    author = "Einstein, Albert",
    title = "{The Field Equations of Gravitation}",
    journal = "Sitzungsber. Preuss. Akad. Wiss. Berlin (Math. Phys. )",
    volume = "1915",
    pages = "844--847",
    year = "1915"
}

@article{Hilbert:1915tx,
    author = "Hilbert, David",
    editor = "Hsu, Jong-Ping and Fine, D.",
    title = "{Die Grundlagen der Physik. 1.}",
    journal = "Gott. Nachr.",
    volume = "27",
    pages = "395--407",
    year = "1915"
}

@article{Lovelock:1971yv,
    author = "Lovelock, D.",
    title = "{The Einstein tensor and its generalizations}",
    doi = "10.1063/1.1665613",
    journal = "J. Math. Phys.",
    volume = "12",
    pages = "498--501",
    year = "1971"
}

@misc{Osborne,
 author = "Osborne, T.",
 title = {Notes on relativistic quantum field theory: https://github.com/avstjohn/qft/blob/master/QFT.pdf},
 url = {https://github.com/avstjohn/qft/blob/master/QFT.pdf},
 lastchecked = {03.10.2022},
 originalyear = {04.06.2021}
}



@misc{EOSDB,
 author ="CoRe Collaboration, 2018",title ={Equation of state database: http://www.computational-relativity.org/eos/},url ="http://www.computational-relativity.org/eos/",
 lastchecked ="03.10.2022",originalyear = {04.06.2020}
}



@book{inverno,
  title={Introducing Einstein's Relativity},
  author={D'Inverno, R.},
  isbn={9780198596868},
  lccn={lc91024894},
  url={https://books.google.de/books?id=yqcT3VICuvMC},
  year={1992},
  publisher={Clarendon Press}
}

@book{Hobson:2006se,
    author = "Hobson, M. P. and Efstathiou, G. P. and Lasenby, A. N.",
    title = "{General relativity: An introduction for physicists}",
    year = "2006"
}

@book{tu2007introduction,
  title={An Introduction to Manifolds},
  author={Tu, L.W.},
  isbn={9780387481012},
  lccn={2007932203},
  series={Universitext},
  url={https://books.google.de/books?id=v71RwPHlxx8C},
  year={2007},
  publisher={Springer New York}
}

@article {Michelson333,
	author = {Michelson, A. A. and Morley, E. W.},
	title = {On the relative motion of the Earth and the luminiferous ether},
	volume = {s3-34},
	number = {203},
	pages = {333--345},
	year = {1887},
	doi = {10.2475/ajs.s3-34.203.333},
	publisher = {American Journal of Science},
	issn = {0002-9599},
	URL = {https://www.ajsonline.org/content/s3-34/203/333},
	eprint = {https://www.ajsonline.org/content/s3-34/203/333.full.pdf},
	journal = {American Journal of Science}
}

@book{Maggiore:2007ulw,
    author = "Maggiore, Michele",
    title = "{Gravitational Waves. Vol. 1: Theory and Experiments}",
    isbn = "978-0-19-857074-5, 978-0-19-852074-0",
    publisher = "Oxford University Press",
    series = "Oxford Master Series in Physics",
    year = "2007"
}

@misc{carroll-notes,
  doi = {10.48550/ARXIV.GR-QC/9712019},
  
  url = {https://arxiv.org/abs/gr-qc/9712019},
  
  author = {Carroll, Sean M.},
  
  keywords = {General Relativity and Quantum Cosmology (gr-qc), Astrophysics (astro-ph), High Energy Physics - Theory (hep-th), FOS: Physical sciences, FOS: Physical sciences},
  
  title = {Lecture Notes on General Relativity},
  
  publisher = {arXiv},
  
  year = {1997},
  
  copyright = {Assumed arXiv.org perpetual, non-exclusive license to distribute this article for submissions made before January 2004}
}

@article{Kolsch:2021lub,
    author = {K\"olsch, Maximilian and Dietrich, Tim and Ujevic, Maximiliano and Bruegmann, Bernd},
    title = "{Investigating the mass-ratio dependence of the prompt-collapse threshold with numerical-relativity simulations}",
    eprint = "2112.11851",
    archivePrefix = "arXiv",
    primaryClass = "gr-qc",
    doi = "10.1103/PhysRevD.106.044026",
    journal = "Phys. Rev. D",
    volume = "106",
    number = "4",
    pages = "044026",
    year = "2022"
}



@article{Thorne:1980ru,
    author = "Thorne, K. S.",
    title = "{Multipole Expansions of Gravitational Radiation}",
    doi = "10.1103/RevModPhys.52.299",
    journal = "Rev. Mod. Phys.",
    volume = "52",
    pages = "299--339",
    year = "1980"
}

@article{Ruiz_2007,
	doi = {10.1007/s10714-007-0570-8},
  
	url = {https://doi.org/10.1007%2Fs10714-007-0570-8},
  
	year = 2007,
	month = {dec},
  
	publisher = {Springer Science and Business Media {LLC}
},
  
	volume = {40},
  
	number = {8},
  
	pages = {1705--1729},
  
	author = {Milton Ruiz and Miguel Alcubierre and Dar{\'{\i}}o N{\'{u}}{\~{n}}ez and Ryoji Takahashi},
  
	title = {Multiple expansions for energy and momenta carried by gravitational waves},
  
	journal = {General Relativity and Gravitation}
}


@article{LIGOScientific:2013pcc,
    author = "Aasi, J. and others",
    collaboration = "LIGO Scientific",
    title = "{Enhancing the sensitivity of the LIGO gravitational wave detector by using squeezed states of light}",
    eprint = "1310.0383",
    archivePrefix = "arXiv",
    primaryClass = "quant-ph",
    doi = "10.1038/nphoton.2013.177",
    journal = "Nature Photon.",
    volume = "7",
    pages = "613--619",
    year = "2013"
}

@article{Hild_2012,
	doi = {10.1088/0264-9381/29/12/124006},
	url = {https://doi.org/10.1088/0264-9381/29/12/124006},
	year = 2012,
	month = {jun},
	publisher = {{IOP} Publishing},
	volume = {29},
	number = {12},
	pages = {124006},
	author = {S Hild},
	title = {Beyond the second generation of laser-interferometric gravitational wave observatories},
	journal = {Classical and Quantum Gravity},
	abstract = {This paper gives an overview of potential upgrades of second-generation gravitational wave detectors and the required key technologies to improve the limiting noise sources. In addition, the baseline design of the Einstein telescope, a European third-generation gravitational wave observatory, is briefly discussed.}
}




@inproceedings{Sathyaprakash:2011bh,
    author = "Sathyaprakash, B. and others",
    title = "{Scientific Potential of Einstein Telescope}",
    booktitle = "{46th Rencontres de Moriond on Gravitational Waves and Experimental Gravity}",
    eprint = "1108.1423",
    archivePrefix = "arXiv",
    primaryClass = "gr-qc",
    pages = "127--136",
    month = "8",
    year = "2011"
}



@article{Hinderer:2009ca,
    author = "Hinderer, Tanja and Lackey, Benjamin D. and Lang, Ryan N. and Read, Jocelyn S.",
    title = "{Tidal deformability of neutron stars with realistic equations of state and their gravitational wave signatures in binary inspiral}",
    eprint = "0911.3535",
    archivePrefix = "arXiv",
    primaryClass = "astro-ph.HE",
    doi = "10.1103/PhysRevD.81.123016",
    journal = "Phys. Rev. D",
    volume = "81",
    pages = "123016",
    year = "2010"
}

@article{Bishop:2016lgv,
    author = "Bishop, Nigel T. and Rezzolla, Luciano",
    title = "{Extraction of Gravitational Waves in Numerical Relativity}",
    eprint = "1606.02532",
    archivePrefix = "arXiv",
    primaryClass = "gr-qc",
    doi = "10.1007/s41114-016-0001-9",
    journal = "Living Rev. Rel.",
    volume = "19",
    pages = "2",
    year = "2016"
}

@article{Barkett:2019uae,
    author = "Barkett, Kevin and Moxon, Jordan and Scheel, Mark A. and Szil\'agyi, B\'ela",
    title = "{Spectral Cauchy-Characteristic Extraction of the Gravitational Wave News Function}",
    eprint = "1910.09677",
    archivePrefix = "arXiv",
    primaryClass = "gr-qc",
    doi = "10.1103/PhysRevD.102.024004",
    journal = "Phys. Rev. D",
    volume = "102",
    number = "2",
    pages = "024004",
    year = "2020"
}




@article{Damour:2009wj,
    author = "Damour, Thibault and Nagar, Alessandro",
    title = "{Effective One Body description of tidal effects in inspiralling compact binaries}",
    eprint = "0911.5041",
    archivePrefix = "arXiv",
    primaryClass = "gr-qc",
    doi = "10.1103/PhysRevD.81.084016",
    journal = "Phys. Rev. D",
    volume = "81",
    pages = "084016",
    year = "2010"
}

@article{Damour:2012yf,
    author = "Damour, Thibault and Nagar, Alessandro and Villain, Loic",
    title = "{Measurability of the tidal polarizability of neutron stars in late-inspiral gravitational-wave signals}",
    eprint = "1203.4352",
    archivePrefix = "arXiv",
    primaryClass = "gr-qc",
    doi = "10.1103/PhysRevD.85.123007",
    journal = "Phys. Rev. D",
    volume = "85",
    pages = "123007",
    year = "2012"
}

@article{Shibata:2019wef,
    author = "Shibata, Masaru and Hotokezaka, Kenta",
    title = "{Merger and Mass Ejection of Neutron-Star Binaries}",
    eprint = "1908.02350",
    archivePrefix = "arXiv",
    primaryClass = "astro-ph.HE",
    doi = "10.1146/annurev-nucl-101918-023625",
    journal = "Ann. Rev. Nucl. Part. Sci.",
    volume = "69",
    pages = "41--64",
    year = "2019"
}


@article{Shibata:1999hn,
    author = "Shibata, Masaru",
    title = "{Fully general relativistic simulation of coalescing binary neutron stars: Preparatory tests}",
    eprint = "gr-qc/9908027",
    archivePrefix = "arXiv",
    doi = "10.1103/PhysRevD.60.104052",
    journal = "Phys. Rev. D",
    volume = "60",
    pages = "104052",
    year = "1999"
}

@article{Shibata:1999wm,
    author = "Shibata, Masaru and Uryu, Koji",
    title = "{Simulation of merging binary neutron stars in full general relativity: Gamma = two case}",
    eprint = "gr-qc/9911058",
    archivePrefix = "arXiv",
    doi = "10.1103/PhysRevD.61.064001",
    journal = "Phys. Rev. D",
    volume = "61",
    pages = "064001",
    year = "2000"
}



@article{Mosta:2013gwu,
    author = {M\"osta, Philipp and Mundim, Bruno C. and Faber, Joshua A. and Haas, Roland and Noble, Scott C. and Bode, Tanja and L\"offler, Frank and Ott, Christian D. and Reisswig, Christian and Schnetter, Erik},
    title = "{GRHydro: A new open source general-relativistic magnetohydrodynamics code for the Einstein Toolkit}",
    eprint = "1304.5544",
    archivePrefix = "arXiv",
    primaryClass = "gr-qc",
    doi = "10.1088/0264-9381/31/1/015005",
    journal = "Class. Quant. Grav.",
    volume = "31",
    pages = "015005",
    year = "2014"
}

@article{Loffler:2011ay,
    author = "Loffler, Frank and others",
    title = "{The Einstein Toolkit: A Community Computational Infrastructure for Relativistic Astrophysics}",
    eprint = "1111.3344",
    archivePrefix = "arXiv",
    primaryClass = "gr-qc",
    doi = "10.1088/0264-9381/29/11/115001",
    journal = "Class. Quant. Grav.",
    volume = "29",
    pages = "115001",
    year = "2012"
}


@article{Bruegmann:1997uc,
    author = "Bruegmann, Bernd",
    title = "{Binary black hole mergers in 3-d numerical relativity}",
    eprint = "gr-qc/9708035",
    archivePrefix = "arXiv",
    doi = "10.1142/S0218271899000080",
    journal = "Int. J. Mod. Phys. D",
    volume = "8",
    pages = "85",
    year = "1999"
}

@article{PhysRevLett.92.211101,
  title = {Numerical Simulation of Orbiting Black Holes},
  author = {Br\"ugmann, Bernd and Tichy, Wolfgang and Jansen, Nina},
  journal = {Phys. Rev. Lett.},
  volume = {92},
  issue = {21},
  pages = {211101},
  numpages = {4},
  year = {2004},
  month = {May},
  publisher = {American Physical Society},
  doi = {10.1103/PhysRevLett.92.211101},
  url = {https://link.aps.org/doi/10.1103/PhysRevLett.92.211101}
}

@article{PhysRevD.77.024027,
  title = {Calibration of moving puncture simulations},
  author = {Br\"ugmann, Bernd and Gonz\'alez, Jos\'e A. and Hannam, Mark and Husa, Sascha and Sperhake, Ulrich and Tichy, Wolfgang},
  journal = {Phys. Rev. D},
  volume = {77},
  issue = {2},
  pages = {024027},
  numpages = {25},
  year = {2008},
  month = {Jan},
  publisher = {American Physical Society},
  doi = {10.1103/PhysRevD.77.024027},
  url = {https://link.aps.org/doi/10.1103/PhysRevD.77.024027}
}

@article{Thierfelder:2011yi,
    author = "Thierfelder, Marcus and Bernuzzi, Sebastiano and Bruegmann, Bernd",
    title = "{Numerical relativity simulations of binary neutron stars}",
    eprint = "1104.4751",
    archivePrefix = "arXiv",
    primaryClass = "gr-qc",
    doi = "10.1103/PhysRevD.84.044012",
    journal = "Phys. Rev. D",
    volume = "84",
    pages = "044012",
    year = "2011"
}

@article{PhysRevD.52.5428,
  title = {Evolution of three-dimensional gravitational waves: Harmonic slicing case},
  author = {Shibata, Masaru and Nakamura, Takashi},
  journal = {Phys. Rev. D},
  volume = {52},
  issue = {10},
  pages = {5428--5444},
  numpages = {0},
  year = {1995},
  month = {Nov},
  publisher = {American Physical Society},
  doi = {10.1103/PhysRevD.52.5428},
  url = {https://link.aps.org/doi/10.1103/PhysRevD.52.5428}
}

@ARTICLE{1987PThPS..90....1N,
       author = {{Nakamura}, T. and {Oohara}, K. and {Kojima}, Y.},
        title = "{General Relativistic Collapse to Black Holes and Gravitational Waves from Black Holes}",
      journal = {Progress of Theoretical Physics Supplement},
         year = 1987,
        month = jan,
       volume = {90},
        pages = {1-218},
          doi = {10.1143/PTPS.90.1},
       adsurl = {https://ui.adsabs.harvard.edu/abs/1987PThPS..90....1N},
      adsnote = {Provided by the SAO/NASA Astrophysics Data System}
}

@article{Bernuzzi_2010,
	doi = {10.1103/physrevd.81.084003},
  
	url = {https://doi.org/10.1103%2Fphysrevd.81.084003},
  
	year = 2010,
	month = {apr},
  
	publisher = {American Physical Society ({APS})},
  
	volume = {81},
  
	number = {8},
  
	author = {Sebastiano Bernuzzi and David Hilditch},
  
	title = {Constraint violation in free evolution schemes: Comparing the {BSSNOK} formulation with a conformal decomposition of the Z4 formulation},
  
	journal = {Physical Review D}
}

@article{Ruiz_2011,
	doi = {10.1103/physrevd.83.024025},
  
	url = {https://doi.org/10.1103%2Fphysrevd.83.024025},
  
	year = 2011,
	month = {jan},
  
	publisher = {American Physical Society ({APS})},
  
	volume = {83},
  
	number = {2},
  
	author = {Milton Ruiz and David Hilditch and Sebastiano Bernuzzi},
  
	title = {Constraint preserving boundary conditions for the Z4c formulation of general relativity},
  
	journal = {Physical Review D}
}

@article{Weyhausen_2012,
	doi = {10.1103/physrevd.85.024038},
  
	url = {https://doi.org/10.1103%2Fphysrevd.85.024038},
  
	year = 2012,
	month = {jan},
  
	publisher = {American Physical Society ({APS})},
  
	volume = {85},
  
	number = {2},
  
	author = {Andreas Weyhausen and Sebastiano Bernuzzi and David Hilditch},
  
	title = {Constraint damping for the Z4c formulation of general relativity},
  
	journal = {Physical Review D}
}

@article{Hilditch_2013,
	doi = {10.1103/physrevd.88.084057},
  
	url = {https://doi.org/10.1103%2Fphysrevd.88.084057},
  
	year = 2013,
	month = {oct},
  
	publisher = {American Physical Society ({APS})},
  
	volume = {88},
  
	number = {8},
  
	author = {David Hilditch and Sebastiano Bernuzzi and Marcus Thierfelder and Zhoujian Cao and Wolfgang Tichy and Bernd Brügmann},
  
	title = {Compact binary evolutions with the Z4c formulation},
  
	journal = {Physical Review D}
}


@article{Radice_2012,
	doi = {10.1051/0004-6361/201219735},
  
	url = {https://doi.org/10.1051%2F0004-6361%2F201219735},
  
	year = 2012,
	month = {oct},
  
	publisher = {{EDP} Sciences},
  
	volume = {547},
  
	pages = {A26},
  
	author = {D. Radice and L. Rezzolla},
  
	title = {{THC}: a new high-order finite-difference high-resolution shock-capturing code for special-relativistic hydrodynamics},
  
	journal = {Astronomy and Astrophysics}
}



@article{PhysRevC.82.015806,
  title = {Equation of state of dense matter from a density dependent relativistic mean field model},
  author = {Shen, G. and Horowitz, C. J. and Teige, S.},
  journal = {Phys. Rev. C},
  volume = {82},
  issue = {1},
  pages = {015806},
  numpages = {9},
  year = {2010},
  month = {Jul},
  publisher = {American Physical Society},
  doi = {10.1103/PhysRevC.82.015806},
  url = {https://link.aps.org/doi/10.1103/PhysRevC.82.015806}
}

@article{PhysRevC.83.035802,
  title = {New equation of state for astrophysical simulations},
  author = {Shen, G. and Horowitz, C. J. and Teige, S.},
  journal = {Phys. Rev. C},
  volume = {83},
  issue = {3},
  pages = {035802},
  numpages = {15},
  year = {2011},
  month = {Mar},
  publisher = {American Physical Society},
  doi = {10.1103/PhysRevC.83.035802},
  url = {https://link.aps.org/doi/10.1103/PhysRevC.83.035802}
}

@article{PhysRevC.58.1804,
  title = {Equation of state of nucleon matter and neutron star structure},
  author = {Akmal, A. and Pandharipande, V. R. and Ravenhall, D. G.},
  journal = {Phys. Rev. C},
  volume = {58},
  issue = {3},
  pages = {1804--1828},
  numpages = {0},
  year = {1998},
  month = {Sep},
  publisher = {American Physical Society},
  doi = {10.1103/PhysRevC.58.1804},
  url = {https://link.aps.org/doi/10.1103/PhysRevC.58.1804}
}


@article{PhysRevLett.67.2414,
  title = {Reconciliation of neutron-star masses and binding of the \ensuremath{\Lambda} in hypernuclei},
  author = {Glendenning, N. K. and Moszkowski, S. A.},
  journal = {Phys. Rev. Lett.},
  volume = {67},
  issue = {18},
  pages = {2414--2417},
  numpages = {0},
  year = {1991},
  month = {Oct},
  publisher = {American Physical Society},
  doi = {10.1103/PhysRevLett.67.2414},
  url = {https://link.aps.org/doi/10.1103/PhysRevLett.67.2414}
}

@article{PhysRevD.79.124032,
  title = {Constraints on a phenomenologically parametrized neutron-star equation of state},
  author = {Read, Jocelyn S. and Lackey, Benjamin D. and Owen, Benjamin J. and Friedman, John L.},
  journal = {Phys. Rev. D},
  volume = {79},
  issue = {12},
  pages = {124032},
  numpages = {18},
  year = {2009},
  month = {Jun},
  publisher = {American Physical Society},
  doi = {10.1103/PhysRevD.79.124032},
  url = {https://link.aps.org/doi/10.1103/PhysRevD.79.124032}
}

@article{PhysRevC.52.2072,
  title = {Phase transitions in warm, asymmetric nuclear matter},
  author = {M\"uller, Horst and Serot, Brian D.},
  journal = {Phys. Rev. C},
  volume = {52},
  issue = {4},
  pages = {2072--2091},
  numpages = {0},
  year = {1995},
  month = {Oct},
  publisher = {American Physical Society},
  doi = {10.1103/PhysRevC.52.2072},
  url = {https://link.aps.org/doi/10.1103/PhysRevC.52.2072}
}



@misc{lorene, 
	title={LORENE: https://lorene.obspm.fr/}, 
	url={https://lorene.obspm.fr/}, 
	journal={LORENE}, 
	author={Eric Gourgoulhon and Philippe Grandclement and Eric Jean-Alain Marck and Jerome Novak and Keisuke Taniguchi}
	} 

@article{Baiotti:2003btu,
    author = "Baiotti, Luca and Hawke, Ian and Montero, Pedro J. and Rezzolla, Luciano",
    title = "{A new three-dimensional general-relativistic hydrodynamics code}",
    eprint = "1004.3849",
    archivePrefix = "arXiv",
    primaryClass = "gr-qc",
    journal = "Mem. Soc. Ast. It.",
    volume = "1",
    pages = "S210",
    year = "2003"
}

@article{Giacomazzo:2007ti,
    author = "Giacomazzo, Bruno and Rezzolla, Luciano",
    editor = "Campanelli, Manuela and Rezzolla, Luciano",
    title = "{WhiskyMHD: A New numerical code for general relativistic magnetohydrodynamics}",
    eprint = "gr-qc/0701109",
    archivePrefix = "arXiv",
    doi = "10.1088/0264-9381/24/12/S16",
    journal = "Class. Quant. Grav.",
    volume = "24",
    pages = "S235--S258",
    year = "2007"
}


@article{Tichy_2012,
	doi = {10.1103/physrevd.86.064024},
  
	url = {https://doi.org/10.1103%2Fphysrevd.86.064024},
  
	year = 2012,
	month = {sep},
  
	publisher = {American Physical Society ({APS})},
  
	volume = {86},
  
	number = {6},
  
	author = {Wolfgang Tichy},
  
	title = {Constructing quasi-equilibrium initial data for binary neutron stars with arbitrary spins},
  
	journal = {Physical Review D}
}

@article{Tichy_2009,
	doi = {10.1088/0264-9381/26/17/175018},
  
	url = {https://doi.org/10.1088%2F0264-9381%2F26%2F17%2F175018},
  
	year = 2009,
	month = {aug},
  
	publisher = {{IOP} Publishing},
  
	volume = {26},
  
	number = {17},
  
	pages = {175018},
  
	author = {Wolfgang Tichy},
  
	title = {A new numerical method to construct binary neutron star initial data},
  
	journal = {Classical and Quantum Gravity}
}

@article{Dietrich_2015,
	doi = {10.1103/physrevd.92.124007},
  
	url = {https://doi.org/10.1103%2Fphysrevd.92.124007},
  
	year = 2015,
	month = {dec},
  
	publisher = {American Physical Society ({APS})},
  
	volume = {92},
  
	number = {12},
  
	author = {Tim Dietrich and Niclas Moldenhauer and Nathan K. Johnson-McDaniel and Sebastiano Bernuzzi and Charalampos M. Markakis and Bernd Brügmann and Wolfgang Tichy},
  
	title = {Binary neutron stars with generic spin, eccentricity, mass ratio, and compactness: Quasi-equilibrium sequences and first evolutions},
  
	journal = {Physical Review D}
}





@article{Kashyap_2022,
	doi = {10.1103/physrevd.105.103022},
  
	url = {https://doi.org/10.1103%2Fphysrevd.105.103022},
  
	year = 2022,
	month = {may},
  
	publisher = {American Physical Society ({APS})},
  
	volume = {105},
  
	number = {10},
  
	author = {Rahul Kashyap and Abhishek Das and David Radice and Surendra Padamata and Aviral Prakash and Domenico Logoteta and Albino Perego and Daniel A. Godzieba and Sebastiano Bernuzzi and Ignazio Bombaci and Farrukh J. Fattoyev and Brendan T. Reed and Andr{\'{e}
} da Silva Schneider},
  
	title = {Numerical relativity simulations of prompt collapse mergers: Threshold mass and phenomenological constraints on neutron star properties after {GW}170817},
  
	journal = {Physical Review D}
}

@ARTICLE{2020GReGr..52..108B,
       author = {{Bernuzzi}, Sebastiano},
        title = "{Neutron star merger remnants}",
      journal = {General Relativity and Gravitation},
     keywords = {Binary neutron star, Mergers, Remnants, Gravitational waves, Numerical relativity, Astrophysics - High Energy Astrophysical Phenomena, General Relativity and Quantum Cosmology},
         year = 2020,
        month = nov,
       volume = {52},
       number = {11},
          eid = {108},
        pages = {108},
          doi = {10.1007/s10714-020-02752-5},
archivePrefix = {arXiv},
       eprint = {2004.06419},
 primaryClass = {astro-ph.HE},
       adsurl = {https://ui.adsabs.harvard.edu/abs/2020GReGr..52..108B},
      adsnote = {Provided by the SAO/NASA Astrophysics Data System}
}

@article{PhysRevD.80.084035,
  title = {Relativistic tidal properties of neutron stars},
  author = {Damour, Thibault and Nagar, Alessandro},
  journal = {Phys. Rev. D},
  volume = {80},
  issue = {8},
  pages = {084035},
  numpages = {21},
  year = {2009},
  month = {Oct},
  publisher = {American Physical Society},
  doi = {10.1103/PhysRevD.80.084035},
  url = {https://link.aps.org/doi/10.1103/PhysRevD.80.084035}
}

@article{PhysRevD.80.084018,
  title = {Relativistic theory of tidal Love numbers},
  author = {Binnington, Taylor and Poisson, Eric},
  journal = {Phys. Rev. D},
  volume = {80},
  issue = {8},
  pages = {084018},
  numpages = {30},
  year = {2009},
  month = {Oct},
  publisher = {American Physical Society},
  doi = {10.1103/PhysRevD.80.084018},
  url = {https://link.aps.org/doi/10.1103/PhysRevD.80.084018}
}

@article{PhysRevD.77.021502,
  title = {Constraining neutron-star tidal Love numbers with gravitational-wave detectors},
  author = {Flanagan, \'Eanna \'E. and Hinderer, Tanja},
  journal = {Phys. Rev. D},
  volume = {77},
  issue = {2},
  pages = {021502},
  numpages = {5},
  year = {2008},
  month = {Jan},
  publisher = {American Physical Society},
  doi = {10.1103/PhysRevD.77.021502},
  url = {https://link.aps.org/doi/10.1103/PhysRevD.77.021502}
}



@article{Radice_2020,
	doi = {10.1146/annurev-nucl-013120-114541},
  
	url = {https://doi.org/10.1146%2Fannurev-nucl-013120-114541},
  
	year = 2020,
	month = {oct},
  
	publisher = {Annual Reviews},
  
	volume = {70},
  
	number = {1},
  
	pages = {95--119},
  
	author = {David Radice and Sebastiano Bernuzzi and Albino Perego},
  
	title = {The Dynamics of Binary Neutron Star Mergers and {GW}170817},
  
	journal = {Annual Review of Nuclear and Particle Science}
}


@article{Marolf_1999,
	doi = {10.1023/a:1026646507201},
  
	url = {https://doi.org/10.1023%2Fa%3A1026646507201},
  
	year = 1999,
	month = {jun},
  
	publisher = {Springer Science and Business Media {LLC}
},
  
	volume = {31},
  
	number = {6},
  
	pages = {919--944},
  
	author = {Donald Marolf},
  
	title = {Spacetime Embedding Diagrams for Black Holes},
  
	journal = {General Relativity and Gravitation}
}


@book{Wainstein:1962vrq,
    author = "Wainstein, L. A. and Zubakov, V. D.",
    title = "{Extraction of Signals from Noise}",
    isbn = "978-0-486-62625-3",
    publisher = "Prentice-Hall",
    address = "Englewood Cliffs, NJ",
    series = "Dover books on physics and mathematical physics",
    year = "1962"
}

@article{Sathyaprakash:2009xs,
    author = "Sathyaprakash, B. S. and Schutz, B. F.",
    title = "{Physics, Astrophysics and Cosmology with Gravitational Waves}",
    eprint = "0903.0338",
    archivePrefix = "arXiv",
    primaryClass = "gr-qc",
    doi = "10.12942/lrr-2009-2",
    journal = "Living Rev. Rel.",
    volume = "12",
    pages = "2",
    year = "2009"
}



@book{Maggiore:2018sht,
    author = "Maggiore, Michele",
    title = "{Gravitational Waves. Vol. 2: Astrophysics and Cosmology}",
    isbn = "978-0-19-857089-9",
    publisher = "Oxford University Press",
    month = "3",
    year = "2018"
}



@article{LIGOScientific:2019lzm,
    author = "Abbott, Rich and others",
    collaboration = "LIGO Scientific, Virgo",
    title = "{Open data from the first and second observing runs of Advanced LIGO and Advanced Virgo}",
    eprint = "1912.11716",
    archivePrefix = "arXiv",
    primaryClass = "gr-qc",
    reportNumber = "LIGO-P1900206",
    doi = "10.1016/j.softx.2021.100658",
    journal = "SoftwareX",
    volume = "13",
    pages = "100658",
    year = "2021"
}

@article{Usman:2015kfa,
    author = "Usman, Samantha A. and others",
    title = "{The PyCBC search for gravitational waves from compact binary coalescence}",
    eprint = "1508.02357",
    archivePrefix = "arXiv",
    primaryClass = "gr-qc",
    reportNumber = "LIGO-P1500086",
    doi = "10.1088/0264-9381/33/21/215004",
    journal = "Class. Quant. Grav.",
    volume = "33",
    number = "21",
    pages = "215004",
    year = "2016"
}

@article{Sachdev:2019vvd,
    author = "Sachdev, Surabhi and others",
    title = "{The GstLAL Search Analysis Methods for Compact Binary Mergers in Advanced LIGO's Second and Advanced Virgo's First Observing Runs}",
    eprint = "1901.08580",
    archivePrefix = "arXiv",
    primaryClass = "gr-qc",
    month = "1",
    year = "2019"
}

@article{Aubin:2020goo,
    author = "Aubin, F. and others",
    title = "{The MBTA pipeline for detecting compact binary coalescences in the third LIGO\textendash{}Virgo observing run}",
    eprint = "2012.11512",
    archivePrefix = "arXiv",
    primaryClass = "gr-qc",
    doi = "10.1088/1361-6382/abe913",
    journal = "Class. Quant. Grav.",
    volume = "38",
    number = "9",
    pages = "095004",
    year = "2021"
}




@book{Andersson:2019yve,
    author = "Andersson, Nils",
    title = "{Gravitational-Wave Astronomy}",
    isbn = "978-0-19-856803-2",
    publisher = "Oxford University Press",
    series = "Oxford Graduate Texts",
    month = "11",
    year = "2019"
}


@article{Cornish_2015,
	doi = {10.1088/0264-9381/32/13/135012},
  
	url = {https://doi.org/10.1088%2F0264-9381%2F32%2F13%2F135012},
  
	year = 2015,
	month = {jun},
  
	publisher = {{IOP} Publishing},
  
	volume = {32},
  
	number = {13},
  
	pages = {135012},
  
	author = {Neil J Cornish and Tyson B Littenberg},
  
	title = {Bayeswave: Bayesian inference for gravitational wave bursts and instrument glitches},
  
	journal = {Classical and Quantum Gravity}
}


@misc{https://doi.org/10.48550/arxiv.2207.02771,
  doi = {10.48550/ARXIV.2207.02771},
  
  url = {https://arxiv.org/abs/2207.02771},
  
  author = {Iacovelli, Francesco and Mancarella, Michele and Foffa, Stefano and Maggiore, Michele},
  
  keywords = {General Relativity and Quantum Cosmology (gr-qc), Cosmology and Nongalactic Astrophysics (astro-ph.CO), High Energy Astrophysical Phenomena (astro-ph.HE), FOS: Physical sciences, FOS: Physical sciences},
  
  title = {Forecasting the detection capabilities of third-generation gravitational-wave detectors using $\texttt{GWFAST}$},
  
  publisher = {arXiv},
  
  year = {2022},
  
  copyright = {Creative Commons Attribution 4.0 International}
}


@book{Saulson:1995zi,
author = {Saulson, Peter R},
title = {Fundamentals of Interferometric Gravitational Wave Detectors},
publisher = {WORLD SCIENTIFIC},
year = {2017},
doi = {10.1142/10116},
address = {},
edition   = {2nd},
URL = {https://www.worldscientific.com/doi/abs/10.1142/10116},
eprint = {https://www.worldscientific.com/doi/pdf/10.1142/10116}
}


@article{Dietrich:2018phi,
    author = {Dietrich, Tim and Radice, David and Bernuzzi, Sebastiano and Zappa, Francesco and Perego, Albino and Br\"ugmann, Bernd and Chaurasia, Swami Vivekanandji and Dudi, Reetika and Tichy, Wolfgang and Ujevic, Maximiliano},
    title = "{CoRe database of binary neutron star merger waveforms}",
    eprint = "1806.01625",
    archivePrefix = "arXiv",
    primaryClass = "gr-qc",
    doi = "10.1088/1361-6382/aaebc0",
    journal = "Class. Quant. Grav.",
    volume = "35",
    number = "24",
    pages = "24LT01",
    year = "2018"
}



@article{Cornish:2014kda,
    author = "Cornish, Neil J. and Littenberg, Tyson B.",
    title = "{BayesWave: Bayesian Inference for Gravitational Wave Bursts and Instrument Glitches}",
    eprint = "1410.3835",
    archivePrefix = "arXiv",
    primaryClass = "gr-qc",
    doi = "10.1088/0264-9381/32/13/135012",
    journal = "Class. Quant. Grav.",
    volume = "32",
    number = "13",
    pages = "135012",
    year = "2015"
}


@article{Estelles:2020osj,
    author = {Estell\'es, H\'ector and Ramos-Buades, Antoni and Husa, Sascha and Garc\'\i{}a-Quir\'os, Cecilio and Colleoni, Marta and Haegel, Le\"\i{}la and Jaume, Rafel},
    title = "{Phenomenological time domain model for dominant quadrupole gravitational wave signal of coalescing binary black holes}",
    eprint = "2004.08302",
    archivePrefix = "arXiv",
    primaryClass = "gr-qc",
    doi = "10.1103/PhysRevD.103.124060",
    journal = "Phys. Rev. D",
    volume = "103",
    number = "12",
    pages = "124060",
    year = "2021"
}




@article{Reitze:2019dyk,
    author = "Reitze, David and others",
    title = "{The US Program in Ground-Based Gravitational Wave Science: Contribution from the LIGO Laboratory}",
    eprint = "1903.04615",
    archivePrefix = "arXiv",
    primaryClass = "astro-ph.IM",
    journal = "Bull. Am. Astron. Soc.",
    volume = "51",
    pages = "141",
    month = "3",
    year = "2019"
}
%%%%%%%%%%%%%%%%%%%%%%%%%%%%%%%%%%%%%%%%%%%%%%%%%%%%LAL
@article{Maione:2016zqz,
    author = {Maione, Francesco and De Pietri, Roberto and Feo, Alessandra and L\"offler, Frank},
    title = "{Binary neutron star merger simulations with different initial orbital frequency and equation of state}",
    eprint = "1605.03424",
    archivePrefix = "arXiv",
    primaryClass = "gr-qc",
    doi = "10.1088/0264-9381/33/17/175009",
    journal = "Class. Quant. Grav.",
    volume = "33",
    number = "17",
    pages = "175009",
    year = "2016"
}

@article{Kastaun:2016elu,
    author = "Kastaun, Wolfgang and Ciolfi, Riccardo and Endrizzi, Andrea and Giacomazzo, Bruno",
    title = "{Structure of Stable Binary Neutron Star Merger Remnants: Role of Initial Spin}",
    eprint = "1612.03671",
    archivePrefix = "arXiv",
    primaryClass = "astro-ph.HE",
    doi = "10.1103/PhysRevD.96.043019",
    journal = "Phys. Rev. D",
    volume = "96",
    number = "4",
    pages = "043019",
    year = "2017"
}


@article{Maione:2017aux,
    author = {Maione, Francesco and De Pietri, Roberto and Feo, Alessandra and L\"offler, Frank},
    title = "{Spectral analysis of gravitational waves from binary neutron star merger remnants}",
    eprint = "1707.03368",
    archivePrefix = "arXiv",
    primaryClass = "gr-qc",
    doi = "10.1103/PhysRevD.96.063011",
    journal = "Phys. Rev. D",
    volume = "96",
    pages = "063011",
    year = "2017"
}

@article{Ciolfi:2017uak,
    author = "Ciolfi, Riccardo and Kastaun, Wolfgang and Giacomazzo, Bruno and Endrizzi, Andrea and Siegel, Daniel M. and Perna, Rosalba",
    title = "{General relativistic magnetohydrodynamic simulations of binary neutron star mergers forming a long-lived neutron star}",
    eprint = "1701.08738",
    archivePrefix = "arXiv",
    primaryClass = "astro-ph.HE",
    doi = "10.1103/PhysRevD.95.063016",
    journal = "Phys. Rev. D",
    volume = "95",
    number = "6",
    pages = "063016",
    year = "2017"
}

@article{Feo:2016cbs,
    author = {Feo, Alessandra and De Pietri, Roberto and Maione, Francesco and L\"offler, Frank},
    title = "{Modeling Mergers of Known Galactic Systems of Binary Neutron Stars}",
    eprint = "1608.02810",
    archivePrefix = "arXiv",
    primaryClass = "gr-qc",
    doi = "10.1088/1361-6382/aa51fa",
    journal = "Class. Quant. Grav.",
    volume = "34",
    number = "3",
    pages = "034001",
    year = "2017"
}

@article{Kawamura:2016nmk,
    author = "Kawamura, Takumu and Giacomazzo, Bruno and Kastaun, Wolfgang and Ciolfi, Riccardo and Endrizzi, Andrea and Baiotti, Luca and Perna, Rosalba",
    title = "{Binary Neutron Star Mergers and Short Gamma-Ray Bursts: Effects of Magnetic Field Orientation, Equation of State, and Mass Ratio}",
    eprint = "1607.01791",
    archivePrefix = "arXiv",
    primaryClass = "astro-ph.HE",
    doi = "10.1103/PhysRevD.94.064012",
    journal = "Phys. Rev. D",
    volume = "94",
    number = "6",
    pages = "064012",
    year = "2016"
}

@article{DePietri:2015lya,
    author = {De Pietri, Roberto and Feo, Alessandra and Maione, Francesco and L\"offler, Frank},
    title = "{Modeling Equal and Unequal Mass Binary Neutron Star Mergers Using Public Codes}",
    eprint = "1509.08804",
    archivePrefix = "arXiv",
    primaryClass = "gr-qc",
    doi = "10.1103/PhysRevD.93.064047",
    journal = "Phys. Rev. D",
    volume = "93",
    number = "6",
    pages = "064047",
    year = "2016"
}

@article{DePietri:2018tpx,
    author = {De Pietri, Roberto and Feo, Alessandra and Font, Jos\'e A. and L\"offler, Frank and Maione, Francesco and Pasquali, Michele and Stergioulas, Nikolaos},
    title = "{Convective Excitation of Inertial Modes in Binary Neutron Star Mergers}",
    eprint = "1802.03288",
    archivePrefix = "arXiv",
    primaryClass = "gr-qc",
    reportNumber = "LIGO-P1800025",
    doi = "10.1103/PhysRevLett.120.221101",
    journal = "Phys. Rev. Lett.",
    volume = "120",
    number = "22",
    pages = "221101",
    year = "2018"
}


%%%%%%%%%%%%%%%%%%%%%%%%%%%%%%%%%%%%%%%%%%%%%%%%%%%%%%CORE

@article{Bernuzzi:2014kca,
    author = "Bernuzzi, Sebastiano and Nagar, Alessandro and Balmelli, Simone and Dietrich, Tim and Ujevic, Maximiliano",
    title = "{Quasiuniversal properties of neutron star mergers}",
    eprint = "1402.6244",
    archivePrefix = "arXiv",
    primaryClass = "gr-qc",
    doi = "10.1103/PhysRevLett.112.201101",
    journal = "Phys. Rev. Lett.",
    volume = "112",
    pages = "201101",
    year = "2014"
}

@article{Dietrich:2016hky,
    author = "Dietrich, Tim and Ujevic, Maximiliano and Tichy, Wolfgang and Bernuzzi, Sebastiano and Bruegmann, Bernd",
    title = "{Gravitational waves and mass ejecta from binary neutron star mergers: Effect of the mass-ratio}",
    eprint = "1607.06636",
    archivePrefix = "arXiv",
    primaryClass = "gr-qc",
    doi = "10.1103/PhysRevD.95.024029",
    journal = "Phys. Rev. D",
    volume = "95",
    number = "2",
    pages = "024029",
    year = "2017"
}

@article{Bernuzzi:2016pie,
    author = "Bernuzzi, Sebastiano and Dietrich, Tim",
    title = "{Gravitational waveforms from binary neutron star mergers with high-order weighted-essentially-nonoscillatory schemes in numerical relativity}",
    eprint = "1604.07999",
    archivePrefix = "arXiv",
    primaryClass = "gr-qc",
    doi = "10.1103/PhysRevD.94.064062",
    journal = "Phys. Rev. D",
    volume = "94",
    number = "6",
    pages = "064062",
    year = "2016"
}

@article{Dietrich:2017aum,
    author = "Dietrich, Tim and Bernuzzi, Sebastiano and Tichy, Wolfgang",
    title = "{Closed-form tidal approximants for binary neutron star gravitational waveforms constructed from high-resolution numerical relativity simulations}",
    eprint = "1706.02969",
    archivePrefix = "arXiv",
    primaryClass = "gr-qc",
    doi = "10.1103/PhysRevD.96.121501",
    journal = "Phys. Rev. D",
    volume = "96",
    number = "12",
    pages = "121501",
    year = "2017"
}

@article{Dietrich:2016lyp,
    author = "Dietrich, Tim and Bernuzzi, Sebastiano and Ujevic, Maximiliano and Tichy, Wolfgang",
    title = "{Gravitational waves and mass ejecta from binary neutron star mergers: Effect of the stars' rotation}",
    eprint = "1611.07367",
    archivePrefix = "arXiv",
    primaryClass = "gr-qc",
    doi = "10.1103/PhysRevD.95.044045",
    journal = "Phys. Rev. D",
    volume = "95",
    number = "4",
    pages = "044045",
    year = "2017"
}


@article{Dietrich:2015pxa,
    author = {Dietrich, Tim and Moldenhauer, Niclas and Johnson-McDaniel, Nathan K. and Bernuzzi, Sebastiano and Markakis, Charalampos M. and Br\"ugmann, Bernd and Tichy, Wolfgang},
    title = "{Binary Neutron Stars with Generic Spin, Eccentricity, Mass ratio, and Compactness - Quasi-equilibrium Sequences and First Evolutions}",
    eprint = "1507.07100",
    archivePrefix = "arXiv",
    primaryClass = "gr-qc",
    reportNumber = "ICTS-2015-5",
    doi = "10.1103/PhysRevD.92.124007",
    journal = "Phys. Rev. D",
    volume = "92",
    number = "12",
    pages = "124007",
    year = "2015"
}

@article{Dietrich:2017xqb,
    author = {Dietrich, Tim and Bernuzzi, Sebastiano and Br\"ugmann, Bernd and Ujevic, Maximiliano and Tichy, Wolfgang},
    title = "{Numerical Relativity Simulations of Precessing Binary Neutron Star Mergers}",
    eprint = "1712.02992",
    archivePrefix = "arXiv",
    primaryClass = "gr-qc",
    doi = "10.1103/PhysRevD.97.064002",
    journal = "Phys. Rev. D",
    volume = "97",
    number = "6",
    pages = "064002",
    year = "2018"
}

@article{Radice:2017zta,
    author = "Radice, David",
    title = "{General-Relativistic Large-Eddy Simulations of Binary Neutron Star Mergers}",
    eprint = "1703.02046",
    archivePrefix = "arXiv",
    primaryClass = "astro-ph.HE",
    doi = "10.3847/2041-8213/aa6483",
    journal = "Astrophys. J. Lett.",
    volume = "838",
    number = "1",
    pages = "L2",
    year = "2017"
}

@article{Bernuzzi:2014owa,
    author = "Bernuzzi, Sebastiano and Nagar, Alessandro and Dietrich, Tim and Damour, Thibault",
    title = "{Modeling the Dynamics of Tidally Interacting Binary Neutron Stars up to the Merger}",
    eprint = "1412.4553",
    archivePrefix = "arXiv",
    primaryClass = "gr-qc",
    doi = "10.1103/PhysRevLett.114.161103",
    journal = "Phys. Rev. Lett.",
    volume = "114",
    number = "16",
    pages = "161103",
    year = "2015"
}

@article{Dietrich:2015iva,
    author = {Dietrich, Tim and Bernuzzi, Sebastiano and Ujevic, Maximiliano and Br\"ugmann, Bernd},
    title = "{Numerical relativity simulations of neutron star merger remnants using conservative mesh refinement}",
    eprint = "1504.01266",
    archivePrefix = "arXiv",
    primaryClass = "gr-qc",
    doi = "10.1103/PhysRevD.91.124041",
    journal = "Phys. Rev. D",
    volume = "91",
    number = "12",
    pages = "124041",
    year = "2015"
}

@article{Bernuzzi:2015rla,
    author = "Bernuzzi, Sebastiano and Dietrich, Tim and Nagar, Alessandro",
    title = "{Modeling the complete gravitational wave spectrum of neutron star mergers}",
    eprint = "1504.01764",
    archivePrefix = "arXiv",
    primaryClass = "gr-qc",
    doi = "10.1103/PhysRevLett.115.091101",
    journal = "Phys. Rev. Lett.",
    volume = "115",
    number = "9",
    pages = "091101",
    year = "2015"
}

@article{Radice:2016gym,
    author = "Radice, David and Bernuzzi, Sebastiano and Ott, Christian D.",
    title = "{One-armed spiral instability in neutron star mergers and its detectability in gravitational waves}",
    eprint = "1603.05726",
    archivePrefix = "arXiv",
    primaryClass = "gr-qc",
    reportNumber = "LIGO-P1600075-V1, YITP-16-21",
    doi = "10.1103/PhysRevD.94.064011",
    journal = "Phys. Rev. D",
    volume = "94",
    number = "6",
    pages = "064011",
    year = "2016"
}

@article{Radice:2016rys,
    author = "Radice, David and Bernuzzi, Sebastiano and Del Pozzo, Walter and Roberts, Luke F. and Ott, Christian D.",
    title = "{Probing Extreme-Density Matter with Gravitational Wave Observations of Binary Neutron Star Merger Remnants}",
    eprint = "1612.06429",
    archivePrefix = "arXiv",
    primaryClass = "astro-ph.HE",
    doi = "10.3847/2041-8213/aa775f",
    journal = "Astrophys. J. Lett.",
    volume = "842",
    number = "2",
    pages = "L10",
    year = "2017"
}

@article{Radice:2017lry,
    author = "Radice, David and Perego, Albino and Zappa, Francesco and Bernuzzi, Sebastiano",
    title = "{GW170817: Joint Constraint on the Neutron Star Equation of State from Multimessenger Observations}",
    eprint = "1711.03647",
    archivePrefix = "arXiv",
    primaryClass = "astro-ph.HE",
    reportNumber = "LIGO-P1700421, VIR-0894A-17",
    doi = "10.3847/2041-8213/aaa402",
    journal = "Astrophys. J. Lett.",
    volume = "852",
    number = "2",
    pages = "L29",
    year = "2018"
}

@article{Dietrich:2017feu,
    author = "Dietrich, Tim and Hinderer, Tanja",
    title = "{Comprehensive comparison of numerical relativity and effective-one-body results to inform improvements in waveform models for binary neutron star systems}",
    eprint = "1702.02053",
    archivePrefix = "arXiv",
    primaryClass = "gr-qc",
    doi = "10.1103/PhysRevD.95.124006",
    journal = "Phys. Rev. D",
    volume = "95",
    number = "12",
    pages = "124006",
    year = "2017"
}

@article{Zappa:2017xba,
    author = "Zappa, Francesco and Bernuzzi, Sebastiano and Radice, David and Perego, Albino and Dietrich, Tim",
    title = "{Gravitational-wave luminosity of binary neutron stars mergers}",
    eprint = "1712.04267",
    archivePrefix = "arXiv",
    primaryClass = "gr-qc",
    doi = "10.1103/PhysRevLett.120.111101",
    journal = "Phys. Rev. Lett.",
    volume = "120",
    number = "11",
    pages = "111101",
    year = "2018"
}


@article{Mrou__2013,
	doi = {10.1103/physrevlett.111.241104},
  
	url = {https://doi.org/10.1103%2Fphysrevlett.111.241104},
  
	year = 2013,
	month = {dec},
  
	publisher = {American Physical Society ({APS})},
  
	volume = {111},
  
	number = {24},
  
	author = {Abdul H. Mrou{\'{e}
} and Mark A. Scheel and B{\'{e}}la Szil{\'{a}}gyi and Harald P. Pfeiffer and Michael Boyle and Daniel A. Hemberger and Lawrence E. Kidder and Geoffrey Lovelace and Serguei Ossokine and Nicholas W. Taylor and An{\i}l Zengino{\u{g}}lu and Luisa T. Buchman and Tony Chu and Evan Foley and Matthew Giesler and Robert Owen and Saul A. Teukolsky},
  
	title = {Catalog of 174 Binary Black Hole Simulations for Gravitational Wave Astronomy},
  
	journal = {Physical Review Letters}
}

@article{Boyle_2019,
	doi = {10.1088/1361-6382/ab34e2},
  
	url = {https://doi.org/10.1088%2F1361-6382%2Fab34e2},
  
	year = 2019,
	month = {sep},
  
	publisher = {{IOP} Publishing},
  
	volume = {36},
  
	number = {19},
  
	pages = {195006},
  
	author = {Michael Boyle and Daniel Hemberger and Dante A B Iozzo and Geoffrey Lovelace and Serguei Ossokine and Harald P Pfeiffer and Mark A Scheel and Leo C Stein and Charles J Woodford and Aaron B Zimmerman and Nousha Afshari and Kevin Barkett and Jonathan Blackman and Katerina Chatziioannou and Tony Chu and Nicholas Demos and Nils Deppe and Scott E Field and Nils L Fischer and Evan Foley and Heather Fong and Alyssa Garcia and Matthew Giesler and Francois Hebert and Ian Hinder and Reza Katebi and Haroon Khan and Lawrence E Kidder and Prayush Kumar and Kevin Kuper and Halston Lim and Maria Okounkova and Teresita Ramirez and Samuel Rodriguez and Hannes R Rüter and Patricia Schmidt and Bela Szilagyi and Saul A Teukolsky and Vijay Varma and Marissa Walker},
  
	title = {The {SXS} collaboration catalog of binary black hole simulations},
  
	journal = {Classical and Quantum Gravity}
}

@article{Allen_2021,
	doi = {10.1103/physrevd.104.042005},
  
	url = {https://doi.org/10.1103%2Fphysrevd.104.042005},
  
	year = 2021,
	month = {aug},
  
	publisher = {American Physical Society ({APS})},
  
	volume = {104},
  
	number = {4},
  
	author = {Bruce Allen},
  
	title = {Optimal template banks},
  
	journal = {Physical Review D}
}

@article{Kastaun_2021,
	doi = {10.1103/physrevd.104.023001},
  
	url = {https://doi.org/10.1103%2Fphysrevd.104.023001},
  
	year = 2021,
	month = {jul},
  
	publisher = {American Physical Society ({APS})},
  
	volume = {104},
  
	number = {2},
  
	author = {W. Kastaun and F. Ohme},
  
	title = {Numerical inside view of hypermassive remnant models for {GW}170817},
  
	journal = {Physical Review D}
}

@article{Breschi:2019srl,
    author = "Breschi, Matteo and Bernuzzi, Sebastiano and Zappa, Francesco and Agathos, Michalis and Perego, Albino and Radice, David and Nagar, Alessandro",
    title = "{kiloHertz gravitational waves from binary neutron star remnants: time-domain model and constraints on extreme matter}",
    eprint = "1908.11418",
    archivePrefix = "arXiv",
    primaryClass = "gr-qc",
    doi = "10.1103/PhysRevD.100.104029",
    journal = "Phys. Rev. D",
    volume = "100",
    number = "10",
    pages = "104029",
    year = "2019"
}

@article{Tsang:2019esi,
    author = "Tsang, Ka Wa and Dietrich, Tim and Van Den Broeck, Chris",
    title = "{Modeling the postmerger gravitational wave signal and extracting binary properties from future binary neutron star detections}",
    eprint = "1907.02424",
    archivePrefix = "arXiv",
    primaryClass = "gr-qc",
    doi = "10.1103/PhysRevD.100.044047",
    journal = "Phys. Rev. D",
    volume = "100",
    number = "4",
    pages = "044047",
    year = "2019"
}

@article{Soultanis:2021oia,
    author = "Soultanis, Theodoros and Bauswein, Andreas and Stergioulas, Nikolaos",
    title = "{Analytic models of the spectral properties of gravitational waves from neutron star merger remnants}",
    eprint = "2111.08353",
    archivePrefix = "arXiv",
    primaryClass = "astro-ph.HE",
    doi = "10.1103/PhysRevD.105.043020",
    journal = "Phys. Rev. D",
    volume = "105",
    number = "4",
    pages = "043020",
    year = "2022"
}

@misc{https://doi.org/10.48550/arxiv.2205.09112,
  doi = {10.48550/ARXIV.2205.09112},
  
  url = {https://arxiv.org/abs/2205.09112},
  
  author = {Breschi, Matteo and Bernuzzi, Sebastiano and Chakravarti, Kabir and Camilletti, Alessandro and Prakash, Aviral and Perego, Albino},
  
  keywords = {General Relativity and Quantum Cosmology (gr-qc), High Energy Astrophysical Phenomena (astro-ph.HE), FOS: Physical sciences, FOS: Physical sciences},
  
  title = {Kilohertz Gravitational Waves From Binary Neutron Star Mergers: Numerical-relativity Informed Postmerger Model},
  
  publisher = {arXiv},
  
  year = {2022},
  
  copyright = {Creative Commons Attribution 4.0 International}
}


@article{Raithel_2022,
	doi = {10.3847/2041-8213/ac7c75},
  
	url = {https://doi.org/10.3847%2F2041-8213%2Fac7c75},
  
	year = 2022,
	month = {jul},
  
	publisher = {American Astronomical Society},
  
	volume = {933},
  
	number = {2},
  
	pages = {L39},
  
	author = {Carolyn A. Raithel and Elias R. Most},
  
	title = {Characterizing the Breakdown of Quasi-universality in Postmerger Gravitational Waves from Binary Neutron Star Mergers},
  
	journal = {The Astrophysical Journal Letters}
}


